@article{Huang13,
 author = {Huang, Qi-Xing and Su, Hao and Guibas, Leonidas},
 title = {Fine-grained Semi-supervised Labeling of Large Shape Collections},
 journal = {ACM Trans. Graph.},
 volume = {32},
 number = {6},
 year = {2013}
} 

@article{Kim14, 
Author = {Vladimir G. Kim and Siddhartha Chaudhuri and Leonidas Guibas and Thomas Funkhouser}, 
journal = {ACM Trans. Graph.},
Number = {4}, 
Title = {{Shape2Pose: Human-Centric Shape Analysis}}, 
Volume = {33}, 
Year = {2014}
} 


@article{Kim13,
 author = {Kim, Vladimir G. and Li, Wilmot and Mitra, Niloy J. and Chaudhuri, Siddhartha and DiVerdi, Stephen and Funkhouser, Thomas},
 title = {Learning Part-based Templates from Large Collections of 3D Shapes},
 journal = {ACM Trans. Graph.},
 volume = {32},
 number = {4},
 year = {2013}
} 

@article{Sidi11,
    author = {Oana Sidi and Oliver van Kaick and Yanir Kleiman and Hao Zhang and Daniel Cohen-Or},
    title = {Unsupervised Co-Segmentation of a Set of Shapes via Descriptor-Space Spectral Clustering},
    journal = {ACM Trans. Graphics},
    volume = {30},
    number = {6},
    year = 2011
}


@article{Kalogerakis10,
  Author    = {Evangelos Kalogerakis and Aaron Hertzmann and Karan Singh},
  Title     = {{L}earning {3}{D} {M}esh {S}egmentation and {L}abeling},
    journal = {ACM Trans. Graphics},
  Volume    = {29},
  Number    = {3},
  Year = {2010},
}

@article{Kalogerakis12,
 author = {Kalogerakis, Evangelos and Chaudhuri, Siddhartha and Koller, Daphne and Koltun, Vladlen},
 title = {A Probabilistic Model for Component-based Shape Synthesis},
 journal = {ACM Trans. Graph.},
 volume = {31},
 number = {4},
 year = {2012}
} 

@article{Huang12,
 author = {Huang, Qi-Xing and Zhang, Guo-Xin and Gao, Lin and Hu, Shi-Min and Butscher, Adrian and Guibas, Leonidas},
 title = {An Optimization Approach for Extracting and Encoding Consistent Maps in a Shape Collection},
 journal = {ACM Trans. Graph.},
 volume = {31},
 number = {6},
 year = {2012}
} 

@article{Allen03,
 author = {Brett Allen and Brian Curless and Zoran Popovi\'{c}},
 title = {The space of human body shapes: reconstruction and parameterization from range scans},
    journal = {ACM Trans. Graphics},
 volume = {22},
 number = {3},
 year = {2003},
 }
 
 @inproceedings{Blanz99,
 author = {Volker Blanz and Thomas Vetter},
 title = {A morphable model for the synthesis of {3D} faces},
 booktitle = {Proc. SIGGRAPH},
 year = {1999},

 }

@article{Ovsjanikov11,
 author = {Ovsjanikov, Maks and Li, Wilmot and Guibas, Leonidas and Mitra, Niloy J.},
 title = {Exploration of continuous variability in collections of {3D} shapes},
 journal = {ACM Trans. Graphics},
 volume = {30},
 number = {4},
 year = {2011},
}

@inproceedings{Mitra13,
 author = {Mitra, Niloy and Wand, Michael and Zhang, Hao (Richard) and Cohen-Or, Daniel and Kim, Vladimir and Huang, Qi-Xing},
 title = {Structure-aware Shape Processing},
 booktitle = {SIGGRAPH Asia 2013 Courses},
 year = {2013}
} 

@article{vanKaick11,
    author = {Oliver van Kaick and Hao Zhang and Ghassan Hamarneh and Daniel Cohen-Or},
    title = {A Survey on Shape Correspondence},
    journal = {Comp. Graph. Forum},
    volume = {30},
    number = {6},
    year = 2011
}

@article{Chen09,
 author = {Chen, Xiaobai and Golovinskiy, Aleksey and Funkhouser, Thomas},
 title = {A Benchmark for 3D Mesh Segmentation},
 journal = {ACM Trans. Graph.},
 volume = {28},
 number = {3},
 year = {2009}
} 

@article{Anguelov05,
 author = {Dragomir Anguelov and Praveen Srinivasan and Daphne Koller and Sebastian Thrun and Jim Rodgers and James Davis},
 title = {{SCAPE}: shape completion and animation of people},
 journal = {ACM Trans. Graph.},
 volume = {24},
 number = {3},
 year = {2005},
 }


@article{Kim12,
 author = {Kim, Vladimir G. and Li, Wilmot and Mitra, Niloy J. and DiVerdi, Stephen and Funkhouser, Thomas},
 title = {Exploring collections of 3D models using fuzzy correspondences},
 journal = {ACM Trans. Graph.},
 volume = {31},
 number = {4},
 year = {2012}
} 

@inproceedings{Yingze13,
 author = {Sid Yingze Bao and Manmohan  Chandraker and  Yuanqing Lin and  Silvio Savaresey},
 title = {Dense Object Reconstruction with Semantic Priors},
 booktitle = {Proc. CVPR},
 year = {2013}
} 

@article{Hinton06,
 author = {Hinton, Geoffrey E. and Osindero, Simon and Teh, Yee-Whye},
 title = {A Fast Learning Algorithm for Deep Belief Nets},
 journal = {Neural Computation},
 volume = {18},
 number = {7},
 year = {2006}
} 

@article{Salakhutdinov12,
 author = {Salakhutdinov, Ruslan and Hinton, Geoffrey},
 title = {An Efficient Learning Procedure for Deep Boltzmann Machines},
 journal = {Neural Computation},
 volume = {24},
 number = {8},
 year = {2012}
} 

@inproceedings{Ranzato11,
 author = {Marc Aurelio Ranzato and Joshua Susskind and Volodymyr Mnih and Geoffrey Hinton},
 title = {On Deep Generative Models with Applications to Recognition},
 booktitle = {Proc. IEEE CVPR},
 year = {2011},
}

@article{Mohamed12,
 author = {Mohamed, A. and Dahl, G. E. and Hinton, G.},
 title = {Acoustic Modeling Using Deep Belief Networks},
 journal = {Trans. Audio, Speech and Lang. Proc.},
 volume = {20},
 number = {1},
 year = {2012}
} 

@article{Bengio09,
 author = {Bengio, Yoshua},
 title = {Learning Deep Architectures for AI},
 journal = {Found. Trends Mach. Learn.},
 volume = {2},
 number = {1},
 year = {2009}
} 

@inproceedings{Chen10:ISDSV,
 author = {Yu Chen and T.K. Kim and Roberto Cipolla},
 title = {Inferring 3D shapes and deformations from single views},
 booktitle = {Proc. ECCV},
 year = {2010}
} 

@article{Sandhu11:NKBPE,
 author = {Sandhu, Romeil and Dambreville, Samuel and Yezzi, Anthony and Tannenbaum, Allen},
 title = {A Nonrigid Kernel-Based Framework for 2D-3D Pose Estimation and 2D Image Segmentation},
 journal = {IEEE Trans. Pattern Anal. Mach. Intell.},
 volume = {33},
 number = {6},
 year = {2011}
}

@inproceedings{Chen11:SOPRU,
 author = {Yu Chen and T.K. Kim and Roberto Cipolla},
 title = {Silhouette-based object phenotype recognition using 3D shape priors},
 booktitle = {Proc. CVPR},
 year = {2011}
} 

@inproceedings{Prisacariu11:SSS,
 author = {Prisacariu, Victor Adrian and Reid, Ian},
 title = {Shared shape spaces},
 booktitle = {Proc. ICCV},
 year = {2011}
} 

@inproceedings{Dame13,
 author = {Amaury Dame and Victor Prisacariu and Carl Ren and Ian Reid},
 title = {Dense Reconstruction Using 3{D} Object Shape Priors},
 booktitle = {Proc. CVPR},
 year = {2013}
} 

@book{Koller09,
 author = {Daphne Koller and Nir Friedman},
 title = {Probabilistic Graphical Models: Principles and Techniques},
 year = {2009},
 publisher = {MIT Press}
}


@inproceedings{Chaudhuri13,
 author = {Siddhartha Chaudhuri and Evangelos Kalogerakis and Stephen Giguere and Thomas Funkhouser},
 title = {{AttribIt}: Content Creation with Semantic Attributes},
 booktitle = {Proc. UIST},
 year = {2013}
}


@article{Huang14,
 author = {Huang, Qixing and Wang, Fan and Guibas, Leonidas},
 title = {Functional Map Networks for Analyzing and Exploring Large Shape Collections},
 journal = {ACM Trans. Graph.},
 volume = {33},
 number = {4},
 year = {2014}
} 

@article{Ovsjanikov12,
 author = {Ovsjanikov, Maks and Ben-Chen, Mirela and Solomon, Justin and Butscher, Adrian and Guibas, Leonidas},
 title = {Functional Maps: A Flexible Representation of Maps Between Shapes},
 journal = {ACM Trans. Graph.},
 volume = {31},
 number = {4},
 year = {2012}
} 

@article{Rustamov13,
 author = {Rustamov, Raif M. and Ovsjanikov, Maks and Azencot, Omri and Ben-Chen, Mirela and Chazal, Fr{\'e}d{\'e}ric and Guibas, Leonidas},
 title = {Map-based Exploration of Intrinsic Shape Differences and Variability},
 journal = {ACM Trans. Graph.},
 volume = {32},
 number = {4},
 year = {2013}
} 

@article {Xu12,
  title = {Fit and Diverse: Set Evolution for Inspiring 3D Shape Galleries},
  author = {Kai Xu and Hao Zhang and Daniel Cohen-Or and Baoquan Chen},
  journal = {ACM Trans. Graph.},
  volume = {31},
  number = {4},
  year = {2012}
}

@article{Chaudhuri11,
 author = {Siddhartha Chaudhuri and Evangelos Kalogerakis and Leonidas Guibas and Vladlen Koltun},
 title = {Probabilistic Reasoning for Assembly-Based {3D} Modeling},
  journal = {ACM Trans. Graph.},
 volume = {30},
 number = {4},
 year = {2011},
}

@article{Fish14,
 author = {Fish, Noa and Averkiou, Melinos and van Kaick, Oliver and Sorkine-Hornung, Olga and Cohen-Or, Daniel and Mitra, Niloy J.},
 title = {Meta-representation of Shape Families},
 journal = {ACM Trans. Graph.},
 volume = {33},
 number = {4},
 year = {2014}
} 

@article{Nan12,
 author = {Nan, Liangliang and Xie, Ke and Sharf, Andrei},
 title = {A Search-classify Approach for Cluttered Indoor Scene Understanding},
 journal = {ACM Trans. Graph.},
 volume = {31},
 number = {6},
 year = {2012}
} 

@article{Solomon12,
 author = {Solomon, Justin and Nguyen, Andy and Butscher, Adrian and Ben-Chen, Mirela and Guibas, Leonidas},
 title = {Soft Maps Between Surfaces},
 journal = {Comp. Graph. Forum},
 volume = {31},
 number = {5},
 year = {2012}
} 

@article {Nitzan14,
author = {Shapira, Nitzan and Ben-Chen, Mirela},
title = {Cross-Collection Map Inference by Intrinsic Alignment of Shape Spaces},
 journal = {Comp. Graph. Forum},
volume = {33},
number = {5},
year = {2014}
}

@article{Kovnatsky13,
  author = {Kovnatsky, Artiom and Bronstein, Michael M. and Bronstein, Alexander M. and Glashoff, Klaus and Kimmel, Ron},
  journal = {Comp. Graph. Forum},
  number = 2,
  title = {Coupled quasi-harmonic bases},
  volume = 32,
  year = 2013
}

@article{Huang11,
 author = {Huang, Qixing and Koltun, Vladlen and Guibas, Leonidas},
 title = {Joint Shape Segmentation with Linear Programming},
 journal = {ACM Trans. Graph.},
 volume = {30},
 number = {6},
 year = {2011}
} 

@article {Hu12,
author = {Hu, Ruizhen and Fan, Lubin and Liu, Ligang},
title = {Co-Segmentation of 3D Shapes via Subspace Clustering},
journal = {Comp. Graph. Forum},
volume = {31},
number = {5},
year = {2012}
}

@article{Wang12,
 author = {Wang, Yunhai and Asafi, Shmulik and van Kaick, Oliver and Zhang, Hao and Cohen-Or, Daniel and Chen, Baoquan},
 title = {Active Co-analysis of a Set of Shapes},
 journal = {ACM Trans. Graph.},
 volume = {31},
 number = {6},
 year = {2012}
} 

@article{Besl92,
 author = {Besl, Paul J. and McKay, Neil D.},
 title = {A Method for Registration of 3-D Shapes},
 journal = {IEEE Trans. Pattern Anal. Mach. Intell.},
 volume = {14},
 number = {2},
 year = {1992}
} 

@inproceedings{Lafferty01,
 author = {Lafferty, John D. and McCallum, Andrew and Pereira, Fernando C. N.},
 title = {Conditional Random Fields: Probabilistic Models for Segmenting and Labeling Sequence Data},
 booktitle = {Proc. ICML},
 year = {2001}
} 

@article{Asafi13,
author = {Asafi, Shmuel and Goren, Avi and Cohen-Or, Daniel},
title = {Weak Convex Decomposition by Lines-of-sight},
journal = {Comp. Graph. Forum},
volume = {32},
number = {5},
year = {2013}
}

@article{Yumer14,
	Author = {M.E. Yumer and L.B. Kara},
	Journal = {ACM Trans. Graph.},
	Number = {6},
	Title = {Co-Constrained Handles for Deformation in Shape Collections},
	Volume = {32},
	Year = {2014}
	}
	
@article{Funkhouser04,
 author = {Funkhouser, Thomas and Kazhdan, Michael and Shilane, Philip and Min, Patrick and Kiefer, William and Tal, Ayellet and Rusinkiewicz, Szymon and Dobkin, David},
 title = {Modeling by example},
 journal = {ACM Trans. Graphics},
 volume = {23},
 number = {3},
 year = {2004}
}


@article{vanKaick13,
 author = {van Kaick, Oliver and Xu, Kai and Zhang, Hao and Wang, Yanzhen and Sun, Shuyang and Shamir, Ariel and Cohen-Or, Daniel},
 title = {Co-hierarchical Analysis of Shape Structures},
 journal = {ACM Trans. Graph.},
 volume = {32},
 number = {4},
 year = {2013}
} 

@article{Laga13,
 author = {Laga, Hamid and Mortara, Michela and Spagnuolo, Michela},
 title = {Geometry and Context for Semantic Correspondences and Functionality Recognition in Man-made 3D Shapes},
 journal = {ACM Trans. Graph.},
 volume = {32},
 number = {5},
 year = {2013}
} 

@article{Huang13b,
journal = {Comp. Graph. Forum},
title = {Consistent Shape Maps via Semidefinite Programming},
author = {Qixing Huang and Leonidas Guibas},
volume= {32},
number= {5},
year = {2013}
}

@article {Shapira14,
author = {Shapira, Nitzan and Ben-Chen, Mirela},
title = {Cross-Collection Map Inference by Intrinsic Alignment of Shape Spaces},
journal = {Comp. Graph. Forum},
volume = {33},
number = {5},
year = {2014}
}

@article{Roux11,
  author = {Roux, Nicolas Le and Heess, Nicolas and Shotton, Jamie and Winn, John M.},
  journal = {Neural Computation},
  number = 3,
  title = {Learning a Generative Model of Images by Factoring Appearance and Shape.},
  volume = 23,
  year = 2011
}


@INPROCEEDINGS{Hamerly03learningthe,
    author = {Greg Hamerly and Charles Elkan},
    title = {Learning the K in K-Means},
    booktitle = {Proc. NIPS},
    year = {2003},
}

@INPROCEEDINGS{Sutton05,
    author = {Charles Sutton and Andrew Mccallum},
    title = {Piecewise training of undirected models},
    booktitle = {Proc. UAI},
    year = {2005}
}

@phdthesis{Marlin08,
    author = {Benjamin M. Marlin},
    title = {Missing Data Problems in Machine Learning},
    school       = {University of Toronto},
    year = {2008}
}

@article{Sumner:2007:EDS,
 author = {Sumner, Robert W. and Schmid, Johannes and Pauly, Mark},
 title = {Embedded Deformation for Shape Manipulation},
 journal = {ACM Trans. Graph.},
 volume = {26},
 number = {3},
 year = {2007}
} 

@inproceedings{Hilaga01,
 author = {Masaki Hilaga and Yoshihisa Shinagawa and Taku Kohmura and Tosiyasu L. Kunii},
 title = {{T}opology {M}atching for {F}ully {A}utomatic {S}imilarity {E}stimation of 3D {S}hapes},
 booktitle = {Proc. SIGGRAPH},
 year = {2001}
 }



@article{shapira2008consistent,
	title={Consistent mesh partitioning and skeletonisation using the shape diameter function},
	author={Shapira, Lior and Shamir, Ariel and Cohen-Or, Daniel},
	journal={The Visual Computer},
	volume={24},
	number={4},
	year={2008}
}

@article{Tenenbaum:2000:GGF,
	title = {A global geometric framework for nonlinear dimensionality reduction},
	volume = {290},
	number = {5500},
	journal = {Science},
	author = {J.B. Tenenbaum and V.De Silva and J.C. Langford},
	year = {2000}
}

@article{Frey07,
    author = "Brendan J. Frey and Delbert Dueck",
    title = "Clustering by Passing Messages Between Data Points",
    journal = "Science",
    volume = "315",
    year = "2007"
}

@inproceedings{Givoni11,
    author = "Inmar E. Givoni and Clement Chung and Brendan J. Frey",
    title = "Hierarchical Affinity Propagation",
    booktitle = "UAI",
    year = "2011"
}

@article{Theologou2015,
title = "A comprehensive overview of methodologies and performance evaluation frameworks in 3D mesh segmentation ",
journal = "CVIU",
year = "2015",
author = "Panagiotis Theologou and Ioannis Pratikakis and Theoharis Theoharis",
}

@article{Averkiou14, 
Author = {Melinos Averkiou and Vladimir G. Kim and Youyi Zheng and Niloy J. Mitra}, 
Journal = {Comp. Graph. Forum}, 
Number = {2}, 
Title = {{ShapeSynth: Parameterizing Model Collections for Coupled Shape Exploration and Synthesis}}, 
Volume = {33}, 
Year = {2014}
} 

@article {Xu2014,
author = {Xu, Weiwei and Shi, Zhouxu and Xu, Mingliang and Zhou, Kun and Wang, Jingdong and Zhou, Bin and Wang, Jinrong and Yuan, Zhenming},
title = {Transductive 3D Shape Segmentation using Sparse Reconstruction},
journal = {Comp. Graph. Forum},
volume = {33},
number = {5},
year = {2014},
}

@article {Zhige2014,
author = {Xie, Zhige and Xu, Kai and Liu, Ligang and Xiong, Yueshan},
title = {3D Shape Segmentation and Labeling via Extreme Learning Machine},
journal = {Comp. Graph. Forum},
volume = {33},
number = {5},
issn = {1467-8659},
year = {2014},
}

@inproceedings{Wu2015,
 author = "Zhirong Wu and Shuran Song and Aditya Khosla and Linguang Zhang and Xiaoou Tang and Jianxiong Xiao",
 title = "3D ShapeNets: A Deep Representation for Volumetric Shape Modeling ",
 booktitle = "Proc. CVPR",
 year = "2015",
}

@inproceedings{Kae2013,
 author = "Andrew Kae and Kihyuk Sohn and Honglak Lee and Erik Learned-Miller",
 title = "Augmenting CRFs with Boltzmann Machine Shape Priors for Image Labeling",
 booktitle = "Proc. CVPR",
 year = "2013",
}



