@book{Koller09,
 author = {Daphne Koller and Nir Friedman},
 title = {Probabilistic Graphical Models: Principles and Techniques},
 year = {2009},
 publisher = {The MIT Press}
}